@online{Hjerte,
	author = "Aleris Hamlet", 
	title = "Sådan fungerer dit hjerte", 
	url = "https://www.aleris.dk/vi-tilbyder/aleris-hamlet-hospitaler/hjertesygdomme/sadan-fungerer-dit-hjerte/", 
	note = "Sidst besøgt d. 13-12-2018",
}

@online{WiggersDiagram,
	author = "Chegg Study", 
	title = "Wiggers Diagram", 
	url = "https://www.chegg.com/homework-help/questions-and-answers/using-wiggers-diagram-calculate-following-heart-rate-b-stroke-volume-c-cardiac-output-d-me-q30345183", 
	note = "Sidst besøgt d. 13-12-2018",
}

@online{ASE,
	author = "Vejledning til udfærdigelse af projektrapporter", 
	title = "ASE-modellen", 
	url = "http://studerende.au.dk/fileadmin/user_upload/Vejledning_til_udfaerdigelse_af_projektrapporter_v1.5.pdf", 
	note = "Sidst besøgt d. 13-12-2018",
}
