@online{RestSharp,
	author = "",
	url = "http://restsharp.org/",
	title = "Simple REST and HTTP API Client for .NET",
	note = "Last Visited d. 19.04.2016",
}\\
@unpublished{DALTestCode,
	author = "",
	title = "index.html",
	note = "Ses under bilag /Source kode/DAL_Android/TrafficControl.DAL.RestSharp.Test/"
}
@unpublished{DALSourceCode,
	author = "",
	title = "",
	note = "Ses under bilag /Source kode/DAL_Android/TrafficControl.DAL.RestSharp/Sources"
}

@unpublished{DoxygenTest,
	author = "",
	title = "index.html",
	note = "Ses under bilag DoxygenDocumentation/Test/html"
}
@unpublished{DoxygenTestPDF,
	author = "",
	title = "refman.pdf",
	note = "Ses under bilag DoxygenDocumentation/Test/latex"
}
@unpublished{Doxygen,
	author = "",
	title = "index.html",
	note = "Ses under bilag DoxygenDocumentation/Projekt/html"
}
@unpublished{DoxygenPDF,
	author = "",
	title = "refman.pdf",
	note = "Ses under bilag DoxygenDocumentation/Projekt/latex"
}


@unpublished{TCApi,
	author = "",
	title = "T{C}{A}pi.cs",
	note = "Ses under bilag /Source kode/DAL_Android/TrafficControl.DAL.RestSharp/Sources"
}

@unpublished{TCData,
	author = "",
	title = "T{C}{D}ata<{T}>.cs",
	note = "Ses under bilag /Source kode/DAL_Android/TrafficControl.DAL.RestSharp/Sources"
}

@unpublished{TCDataUser,
	author = "",
	title = "T{C}{D}ata{U}ser.cs",
	note = "Ses under bilag /Source kode/DAL_Android/TrafficControl.DAL.RestSharp/Sources"
}
@unpublished{TCDataCase,
	author = "",
	title = "T{C}{D}ata{C}ase.cs",
	note = "Ses under bilag /Source kode/DAL_Android/TrafficControl.DAL.RestSharp/Sources"
}
@unpublished{TCDataInstallation,
	author = "",
	title = "T{C}{D}ata{I}nstallation.cs",
	note = "Ses under bilag /Source kode/DAL_Android/TrafficControl.DAL.RestSharp/Sources"
}
@unpublished{TCDataPosition,
	author = "",
	title = "T{C}{D}ata{P}osition.cs",
	note = "Ses under bilag /Source kode/DAL_Android/TrafficControl.DAL.RestSharp/Sources"
}
@unpublished{TCDataConnection,
	author = "",
	title = "T{C}{D}ata{C}onnection.cs",
	note = "Ses under bilag /Source kode/DAL_Android/TrafficControl.DAL.RestSharp/Sources"
}
@online{Gherkin,
	author = "behat",
	title = "Writing features - gherkin language",
	url = "http://docs.behat.org/en/v2.5/guides/1.gherkin.html",
	note = "Sidst besøgt d. 19.02.2016",
}

@online{LED,
	author = "",
	title = "{4W RGBW LED}",
	url = "http://www.ebay.com/itm/221596755476?_trksid=p2057872.m2749.l2649&ssPageName=STRK%3AMEBIDX%3AIT",
	note = "Last Visited d. 6/12-2015",
}

@online{LMcurrent2,
	author = "Neil Reuk",
	title = "{LM317} current calculator",
	url = "http://www.reuk.co.uk/LM317-Current-Calculator.htm",
	note = "Last Visited d. 6/12-2015",
	year = "2014",
}

@online{UARTRef,
	author = "Gordon Bell",
	title = "UART",
	url = "https://en.wikipedia.org/wiki/Universal_asynchronous_receiver/transmitter",
	note = "Last Visited d. 11/12-2015",
	year = "2015",
}

@online{RS-232,
	author = "----",
	title = "RS-232 Protocol",
	url = "https://en.wikipedia.org/wiki/RS-232",
	note = "Last Visited d. 8/12-2015",
	year = "2015",
}

@online{Add-on,
	author = "IHA",
	title = "Add-on board",
	url = "https://redmine.iha.dk/devs/projects/devkit8000/wiki/Addon_board",
	note = "Last Visited d. 8/12-2015",
	year = "2015",
}

@online{LMcurrent1,
	author = "Neil Reuk",
	title = "Using the {LM317T} with LED lighting",
	url = "http://www.reuk.co.uk/Using-The-LM317T-With-LED-Lighting.htm",
	note = "Last Visited d. 6/12-2015",
	year = "2014",
}

@online{ServoURL,
	author = "Frances Reed",
	title = "How servo motors work",
	url = "http://www.jameco.com/jameco/workshop/howitworks/how-servo-motors-work.html",
	note = "Last Visited d. 8/12-2015",
	year = "",
}

@manual{DC-motor,
	author = "Mabuchi Motor",
	title = "DC-motor",
	year = "2008",
	note = "Bilag: DC-motor.pdf"
}

@manual{DC-drives,
	author = "Siemens",
	title = "DC Drives",
	year = "",
	note = "Bilag: DC Drives"
}


@manual{PSU,
	author = "Inter-tech Elektronik Handels GmbH",
	title = "Energon EPS-750W",
	year = "2006",
	note = "Bilag: EPS-750-e.pdf"
}

@online{ArduinoIDE,
	author = "Arduino",
	title = "Arduino 1.6.6 {IDE}",
	year = "2015",
	url = "https://www.arduino.cc/en/Main/Software",
	note = "Last Visited d. 7/12-2015"
}

@online{LIDAR,
	author = "Pulsedlight",
	title = "{LIDAR}-Lite v2 Overview",
	year = "2015",
	url = "http://lidarlite.com/docs/v2/",
	note = "Last Visited d. 7/12-2015"
}

@online{ESP8266Ext,
	author = "ESP8266 Community Forum",
	title = "{ESP8266 Core for Arduino}",
	year = "2015",
	url = "https://github.com/esp8266/Arduino",
	note = "Last Visited d. 7/12-2015"
}

@online{PSOC_CREATOR,
	author = "Cypress Semiconductor Corporation",
	title = "PSoC Creator",
	year = "2015",
	url ="http://www.cypress.com/products/psoc-creator-integrated-design-environment-ide",
	note = "Last Visited d. 8/12-2015"}

@inbook{BDD,
	author = "Kim Bjerge", 
	title = "SysML Structural Diagrams",
	year = "2014",
	pages = "6-7 and 9-12",
	note: Bilag: SysML Structural Diagrams.pdf}

@inbook{IBD,
	author = "Kim Bjerge", 
	title = "SysML Structural Diagrams 2",
	year = "2014",
	pages = "3-4 and 14-17",
	note: Bilag: SysML Structural Diagrams 2.pdf}

@inbook{Domaine,
	author = "Kim Bjerge", 
	title = "System Domain Analysis",
	year = "2014",
	pages = "4-6 12-15 and 24-29",
	note: Bilag: System Domain Analysis.pdf}

@inbook{Application,
	author = "Kim Bjerge", 
	title = "System Application Models",
	year = "2014",
	pages = "8-9 21 and 24-29",
	note: Bilag: System Application Models.pdf}
}

@manual{PWM_PSOC,
	author = "Cypress Semiconductor Corporation",
	title = "PWM v3.30",
	year = "2015"
}

@manual{I2C_PSOC,
	author = "Cypress Semiconductor Corporation",
	title = "SCB P4 v3.0",
	year = "2015"
}
	
@online{WebMinifier,
	author = "William Henry Peavy",
	title = "{HTML Minifier}",
	year = "2015",
	url = "http://www.willpeavy.com/minifier/",
	note = "Last Visited d. 8/12-2015"
}

@online{HTTPRef,
	author = "Internet Engineering Task Force",
	title = "{Hypertext Transfer Protocol}",
	year = "2014",
	url = "http://www.w3.org/Protocols/",
	note = "Last Visited d. 8/12-2015"
}

@online{GitRef,
	author = "Linus Torvalds",
	title = "{Git}",
	year = "2015",
	url = "https://git-scm.com/",
	note = "Last Visited d. 8/12-2015"
}

@online{Redmine,
	author = "Jean-Philippe Lang",
	title = "{Redmine}",
	year = "2015",
	url = "https://www.redmine.org/",
	note = "Last Visited d. 8/12-2015"
}

@online{CppStringEscaper,
	author = "FreeFormatter",
	title = "Java/.Net String Escaper",
	year = "2015",
	url = "http://www.freeformatter.com/java-dotnet-escape.html",
	note = "Last Visited d. 8/12-2015"
}

@online{Multisim,
	author = "National Instruments",
	title = "{Multisim}",
	year = "2015",
	url = "http://www.ni.com/multisim/",
	note = "Last Visited d. 10/12-2015"
}

@online{Ultiboard,
	author = "National Instruments",
	title = "{Ultiboard}",
	year = "2015",
	url = "http://www.ni.com/ultiboard/",
	note = "Last Visited d. 10/12-2015"
}

@online{LatexRef,
	author = "Leslie Lamport",
	title = "{Latex}",
	year = "2015",
	url = "https://www.latex-project.org/",
	note = "Last Visited d. 10/12-2015"
}

@online{VisioRef,
	author = "Microsoft",
	title = "{Visio}",
	year = "2015",
	url = "https://products.office.com/en/visio/flowchart-software",
	note = "Last Visited d. 10/12-2015"
}

@online{AnalogDiscovery,
	author = "Digilent",
	title = "{Analog Discovery}",
	year = "2015",
	url = "www.digilentinc.com/analogdiscovery/",
	note = "Last Visited d. 10/12-2015"
}

@misc{QTCreator,
	author = "The Qt Company Ltd.",
	title = "Qt Creator Manual 3.5.0", 
	year = "2015",
	url = "http://doc.qt.io/qtcreator/",
	note = "Last Visited 04/12-2015"}

@inbook{VejlUdvikl,
	author = "Peter Høgh Mikkelsen",
	title = "Vejledning til udviklingsprocessen for projekt 3 Ver. 1.10",
	year = "2015"}
	